<?xml version="1.0" encoding="UTF-8"?><collection xmlns="http://www.loc.gov/MARC21/slim"><record><leader>00377nam--2200133-i-4500</leader><controlfield tag="001">000011470</controlfield><controlfield tag="002">20161230</controlfield><controlfield tag="005">20161230201029</controlfield><controlfield tag="008">060222s1000------------r-----000-0-eng-d</controlfield><datafield ind1=" " ind2=" " tag="080"><subfield code="a">517.2:519.2:621</subfield></datafield><datafield ind1=" " ind2=" " tag="100"><subfield code="a">Beightler, Charles S.And Wilde, Douglas J</subfield></datafield><datafield ind1=" " ind2=" " tag="245"><subfield code="a">Foundations of optimization</subfield></datafield><datafield ind1=" " ind2=" " tag="260"><subfield code="a">Englewood Cliffs, Prentice-hall, Inc., 1967 Xiv + 480 P</subfield></datafield><datafield ind1=" " ind2=" " tag="852"><subfield code="a">42572</subfield></datafield></record></collection>